@BOOK{ref1,
AUTHOR="Pablo Gonzalez",
TITLE="Pentesting con Kali",
PUBLISHER="0xWord",
YEAR="2013"
}

@MISC{web1,
HOWPUBLISHED = "\url{https://owasp.org/www-project-web-security-testing-guide/stable/2-Introduction/README.html\#Testing-Techniques-Explained}",
AUTHOR = "OWASP",
TITLE = "OWASP Testing Project"
}

@MISC{web2,
HOWPUBLISHED = "\url{https://owasp.org/www-project-application-security-verification-standard/}",
AUTHOR = "OWASP",
TITLE = "OWASP ASVS 4.0"
}